@article{Liu2025,
	author = {Liu, Qi and Ma, Ding and Zhang, Haiyan and Wu, Long and Zhang, Long and Bao, Huifang and Lan, Yubin},
	year = {2025},
	month = {01},
	pages = {367},
	title = {Optimization of Flight Mode and Coupling Analysis of Operational Parameters on Droplet Deposition and Drift of Unmanned Aerial Spraying Systems (UASS)},
	volume = {15},
	journal = {Agronomy},
	doi = {10.3390/agronomy15020367}
}

@article{Wu2025,
	author = {Wu, Mengtao and Li, Zhao-Qun and Yang, Yuzhou and Meng, Xiangfei and Zongxiu, Luo and Lei, Bian and Xiu, Chunli and Fu, Nanxia and Chen, Zongmao and Wang, Guochang and Cai, Xiaoming},
	year = {2025},
	month = {02},
	pages = {431},
	title = {Optimizing Unmanned Aerial Vehicle Operational Parameters to Improve Pest Control Efficacy and Decrease Pesticide Dosage in Tea Gardens},
	volume = {15},
	journal = {Agronomy},
	doi = {10.3390/agronomy15020431}
}

@article{fisher1922,
	author  = {Ronald A. Fisher},
	title   = {The goodness of fit of regression formulae, and the distribution of regression coefficients},
	journal = {Journal of the Royal Statistical Society},
	year    = {1922},
	volume  = {85},
	number  = {4},
	pages   = {597--612},
	doi     = {10.2307/2340521}
}

@book{rao1973,
	author    = {Calyampudi Radhakrishna Rao},
	title     = {Linear Statistical Inference and Its Applications},
	publisher = {Wiley},
	year      = {1973},
	edition   = {2},
	address   = {New York}
}

@book{vapnik1995,
	author    = {Vladimir N. Vapnik},
	title     = {The Nature of Statistical Learning Theory},
	publisher = {Springer},
	year      = {1995},
	address   = {New York},
	doi       = {10.1007/978-1-4757-2440-0}
}

@article{vapnik1997svr,
	author = {Drucker, Harris and Burges, Christopher and Kaufman, Linda and Smola, Alexander and Vapnik, V.},
	year = {1997},
	month = {01},
	pages = {779-784},
	title = {Support vector regression machines},
	volume = {28},
	journal = {Adv Neural Inform Process Syst}
}

@article{friedman2001,
	author  = {Jerome H. Friedman},
	title   = {Greedy Function Approximation: A Gradient Boosting Machine},
	journal = {Annals of Statistics},
	year    = {2001},
	volume  = {29},
	number  = {5},
	pages   = {1189--1232},
	doi     = {10.1214/aos/1013203451}
}

@book{hastie2009elements,
	author    = {Trevor Hastie and Robert Tibshirani and Jerome Friedman},
	title     = {The Elements of Statistical Learning: Data Mining, Inference, and Prediction},
	edition   = {2},
	publisher = {Springer},
	year      = {2009},
	address   = {New York},
	isbn      = {978-0-387-84858-7},
}

@article{Breiman2001,
	author = {Breiman, Leo},
	title = {Random {Forests}},
	journal = {Machine Learning},
	volume = {45},
	number = {1},
	pages = {5-32},
	year = {2001},
	doi     = {10.1023/A:1010933404324}
}

@inproceedings{Chen2016,
	author = {Chen, Tianqi and Guestrin, Carlos},
	title = {XGBoost: A Scalable Tree Boosting System},
	year = {2016},
	isbn = {9781450342322},
	publisher = {Association for Computing Machinery},
	address = {New York, NY, USA},
	doi = {10.1145/2939672.2939785},
	booktitle = {Proceedings of the 22nd ACM SIGKDD International Conference on Knowledge Discovery and Data Mining},
	pages = {785â€“794},
	numpages = {10},
	keywords = {large-scale machine learning},
	location = {San Francisco, California, USA},
	series = {KDD '16}
}

@inproceedings{prokhorenkova2018catboost,
	title     = {CatBoost: Unbiased Boosting with Categorical Features},
	author    = {Prokhorenkova, Liudmila and Gusev, Gleb and Vorobev, Aleksandr and Dorogush, Anna Veronika and Gulin, Andrey},
	booktitle = {Advances in Neural Information Processing Systems},
	volume    = {31},
	pages     = {6638--6648},
	year      = {2018},
	publisher = {Curran Associates, Inc.},
	url       = {https://proceedings.neurips.cc/paper_files/paper/2018/file/14491b756b3a51daac41c24863285549-Paper.pdf}
}